@Book{xie2015,
  title = {Dynamic Documents with {R} and knitr},
  author = {Yihui Xie},
  publisher = {Chapman and Hall/CRC},
  address = {Boca Raton, Florida},
  year = {2015},
  edition = {2nd},
  note = {ISBN 978-1498716963},
  url = {http://yihui.org/knitr/},
}

@software{gimp,
  author = {{The GIMP Development Team}},
  title = {GNU Image Manipulation Program},
  url = {https://www.gimp.org/},
  version = {2.10.14},
  date = {2019-10-31},
}

@image{cone,
  title = {Traffic Cone free icon},
  author = {Freepik},
  url = {https://www.flaticon.com/free-icon/traffic-cone_353912?term=traffic%20cone&page=1&position=14},
  date = {2020-01-17},
}

@image{techpack,
  title = {Tech Support Icon Pack},
  author = {Freepik},
  url = {https://www.flaticon.com/packs/tech-support-2},
  date = {2020-01-22},
}

@image{rainbow,
  title = {Rainbow Free Icon},
  author = {Freepik},
  url = {https://www.flaticon.com/free-icon/rainbow_616514?term=rainbow&page=1&position=3},
  date = {2020-01-22},
}

@Manual{baser,
  title = {R: A Language and Environment for Statistical Computing},
  author = {{R Core Team}},
  organization = {R Foundation for Statistical Computing},
  address = {Vienna, Austria},
  year = {2019},
  url = {https://www.R-project.org/},
}

@Manual{rstudio, 
  title = {RStudio: Integrated Development Environment for R}, 
  author = {{RStudio Team}}, 
  organization = {RStudio, Inc.}, 
  address = {Boston, MA}, 
  year = {2015}, 
  url = {http://www.rstudio.com/},
}
